<?xml version="1.0" encoding="UTF-8"?><record xmlns="http://www.loc.gov/MARC21/slim" xmlns:cinclude="http://apache.org/cocoon/include/1.0" xmlns:zs="http://www.loc.gov/zing/srw/">
  <leader>00695nz  a2200205n  4500</leader>
  <controlfield tag="001">no2003013297</controlfield>
  <controlfield tag="003">DLC</controlfield>
  <controlfield tag="005">20030212053032.0</controlfield>
  <controlfield tag="008">030211n| acaaaaaa           |a ana     c</controlfield>
  <datafield tag="010" ind1=" " ind2=" ">
    <subfield code="a">no2003013297</subfield>
  </datafield>
  <datafield tag="035" ind1=" " ind2=" ">
    <subfield code="a">(OCoLC)oca05971575</subfield>
  </datafield>
  <datafield tag="040" ind1=" " ind2=" ">
    <subfield code="a">FTaSU-L</subfield>
    <subfield code="b">eng</subfield>
    <subfield code="c">FTaSU-L</subfield>
  </datafield>
  <datafield tag="130" ind1=" " ind2="0">
    <subfield code="a">ISHA monograph</subfield>
  </datafield>
  <datafield tag="410" ind1="2" ind2=" ">
    <subfield code="a">Columbia University.</subfield>
    <subfield code="b">Institute for the Study of Science in Human Affairs.</subfield>
    <subfield code="t">ISHA monograph</subfield>
  </datafield>
  <datafield tag="642" ind1=" " ind2=" ">
    <subfield code="a">no. 1</subfield>
    <subfield code="5">DPCC</subfield>
  </datafield>
  <datafield tag="643" ind1=" " ind2=" ">
    <subfield code="a">[New York, N.Y.]</subfield>
    <subfield code="b">Institute for the Study of Science in Human Affairs of Columbia University</subfield>
  </datafield>
  <datafield tag="644" ind1=" " ind2=" ">
    <subfield code="a">f</subfield>
    <subfield code="5">FTaSU-L</subfield>
  </datafield>
  <datafield tag="645" ind1=" " ind2=" ">
    <subfield code="a">t</subfield>
    <subfield code="5">DPCC</subfield>
    <subfield code="5">FTaSU-L</subfield>
  </datafield>
  <datafield tag="646" ind1=" " ind2=" ">
    <subfield code="a">s</subfield>
    <subfield code="5">FTaSU-L</subfield>
  </datafield>
  <datafield tag="670" ind1=" " ind2=" ">
    <subfield code="a">Law for the sea's mineral resources, 1968:</subfield>
    <subfield code="b">t.p. (ISHA monograph)</subfield>
  </datafield>
</record>